



@article{duenweg07a,
	Author = {B. D{\"u}nweg and U. Schiller and A.J.C. Ladd},
	Date-Added = {2010-10-08 16:03:10 +0200},
	Date-Modified = {2010-10-08 16:03:10 +0200},
	Journal = {Phys. Rev. E},
	Owner = {dommert},
	Pages = {36704},
	Timestamp = {2009.03.16},
	Title = {Statistical mechanics of the fluctuating Lattice-Boltzmann equation},
	Volume = {76},
	Year = {2007}}

@book{frenkel02b,
	Address = {San Diego},
	Author = {Daan Frenkel and Berend Smit},
	Date-Added = {2010-10-08 16:01:43 +0200},
	Date-Modified = {2010-10-08 16:01:43 +0200},
	Edition = {Second},
	Publisher = {Academic Press},
	Title = {Understanding Molecular Simulation},
	Year = {2002}}

@book{degennes79a,
	Address = {Ithaca, NY},
	Author = {P. G. de Gennes},
	Date-Added = {2010-10-08 16:00:43 +0200},
	Date-Modified = {2010-10-08 16:00:43 +0200},
	Publisher = {Cornell University Press},
	Title = {Scaling Concepts in Polymer Physics},
	Year = {1979}}

@book{doi96a,
	Address = {Oxford},
	Author = {M. Doi},
	Date-Added = {2010-10-08 16:00:28 +0200},
	Date-Modified = {2010-10-08 16:00:28 +0200},
	Publisher = {Clarendon Press},
	Title = {Introduction do Polymer Physics},
	Year = {1996}}

@book{rubinstein03a,
	Address = {Oxford, UK},
	Author = {Michael Rubinstein and Ralph H. Colby},
	Date-Added = {2010-10-08 16:00:09 +0200},
	Date-Modified = {2010-10-08 16:00:09 +0200},
	Publisher = {Oxford University Press},
	Title = {Polymer Physics},
	Year = {2003}}
